@article{bec_burgers_2007,
	title = {Burgers {Turbulence}},
	volume = {447},
	issn = {03701573},
	doi = {10.1016/j.physrep.2007.04.002},
	number = {1-2},
	journal = {Physics Reports},
	author = {Bec, Jeremie and Khanin, Konstantin},
	month = aug,
	year = {2007},
	note = {arXiv: 0704.1611},
	keywords = {Nonlinear Sciences - Chaotic Dynamics},
	pages = {1--66},
	annote = {Comment: Review Article, 49 pages, 43 figures},
}
@article{duben_monte_2008,
	title = {Monte {Carlo} simulations of the randomly forced {Burgers} equation},
	volume = {84},
	issn = {0295-5075},
	doi = {10.1209/0295-5075/84/40002},
	language = {en},
	number = {4},
	journal = {EPL (Europhysics Letters)},
	author = {D{\"u}ben, P. and Homeier, D. and Jansen, K. and Mesterhazy, D. and M{\"u}nster, G. and Urbach, C.},
	year = {2008},
	pages = {40002},
}
@article{mesterhazy2011anomalous,
  title={Anomalous scaling in the random-force-driven Burgers' equation: a Monte Carlo study},
  author={Mesterh{\'a}zy, David and Jansen, Karl},
  journal={New Journal of Physics},
  volume={13},
  number={10},
  pages={103028},
  year={2011},
  publisher={IOP Publishing}
}
@article{mesterhazy2013lattice,
  title={Lattice Monte Carlo methods for systems far from equilibrium},
  author={Mesterh{\'a}zy, David and Biferale, Luca and Jansen, Karl and Tripiccione, Raffaele},
  journal={arXiv preprint arXiv:1311.4386},
  year={2013}
}
@article{grafke2015instanton,
  title={The instanton method and its numerical implementation in fluid mechanics},
  author={Grafke, Tobias and Grauer, Rainer and Sch{\"a}fer, Tobias},
  journal={Journal of Physics A: Mathematical and Theoretical},
  volume={48},
  number={33},
  pages={333001},
  year={2015},
  publisher={IOP Publishing}
}
@article{freidlin2013random,
  title={Random perturbations of dynamical systems},
  author={Freidlin, Mark I and Wentzell, Alexander D},
  journal={Bull. Amer. Math. Soc},
  volume={50},
  pages={489--493},
  year={2013}
}
@article{gurarie_instantons_1996,
	title = {Instantons in the {Burgers} equation},
	volume = {54},
	doi = {10.1103/PhysRevE.54.4908},
	number = {5},
	journal = {Physical Review E},
	author = {Gurarie, Victor and Migdal, Alexander},
	month = nov,
	year = {1996},
	pages = {4908--4914},
}
@article{chernykh_large_2001,
	title = {Large negative velocity gradients in {Burgers} turbulence},
	volume = {64},
	doi = {10.1103/PhysRevE.64.026306},
	number = {2},
	journal = {Physical Review E},
	author = {Chernykh, A. I. and Stepanov, M. G.},
	month = jul,
	year = {2001},
	pages = {026306},
}
@article{grafke_instanton_2013,
	title = {Instanton filtering for the stochastic {Burgers} equation},
	volume = {46},
	issn = {1751-8121},
	doi = {10.1088/1751-8113/46/6/062002},
	language = {en},
	number = {6},
	journal = {Journal of Physics A: Mathematical and Theoretical},
	author = {Grafke, Tobias and Grauer, Rainer and Sch{\"a}fer, Tobias},
	year = {2013},
	pages = {062002},
}
@article{grafke2015relevance,
  title={Relevance of instantons in Burgers turbulence},
  author={Grafke, Tobias and Grauer, Rainer and Sch{\"a}fer, Tobias and Vanden-Eijnden, Eric},
  journal={EPL (Europhysics Letters)},
  volume={109},
  number={3},
  pages={34003},
  year={2015},
  publisher={IOP Publishing}
}
@article{grigorio_instantons_2017,
	title = {Instantons in a {Lagrangian} model of turbulence},
	volume = {50},
	issn = {1751-8121},
	doi = {10.1088/1751-8121/aa51a3},
	language = {en},
	number = {5},
	journal = {Journal of Physics A: Mathematical and Theoretical},
	author = {Grigorio, L. S. and Bouchet, F. and Pereira, R. M. and Chevillard, L.},
	year = {2017},
	pages = {055501},
}
@article{escobedo_transition_2009,
	title = {Transition path sampling and forward flux sampling. {Applications} to biological systems},
	volume = {21},
	issn = {0953-8984},
	doi = {10.1088/0953-8984/21/33/333101},
	language = {en},
	number = {33},
	journal = {Journal of Physics: Condensed Matter},
	author = {Escobedo, Fernando A. and Borrero, Ernesto E. and Araque, Juan C.},
	year = {2009},
	pages = {333101},
}
@article{van_erp_elaborating_2005,
	title = {Elaborating transition interface sampling methods},
	volume = {205},
	issn = {0021-9991},
	doi = {10.1016/j.jcp.2004.11.003},
	number = {1},
	journal = {Journal of Computational Physics},
	author = {van Erp, Titus S. and Bolhuis, Peter G.},
	month = may,
	year = {2005},
	keywords = {rare events, Reaction rate, Transition interface sampling, Transition path sampling},
	pages = {157--181},
}
@article{teo_adaptive_2016,
	title = {Adaptive {Multilevel} {Splitting} {Method} for {Molecular} {Dynamics} {Calculation} of {Benzamidine}-{Trypsin} {Dissociation} {Time}},
	volume = {12},
	doi = {10.1021/acs.jctc.6b00277},
	number = {6},
	journal = {Journal of Chemical Theory and Computation},
	author = {Teo, Ivan and Mayne, Christopher G. and Schulten, Klaus and Leli\`{e}vre, Tony},
	month = jun,
	year = {2016},
	pages = {2983 -- 2989},
}
@article{bolhuis2005kinetic,
  title={Kinetic pathways of $\beta$-hairpin (un) folding in explicit solvent},
  author={Bolhuis, Peter G},
  journal={Biophysical journal},
  volume={88},
  number={1},
  pages={50--61},
  year={2005},
  publisher={Elsevier}
}
@article{huber_weighted-ensemble_1996,
	title = {Weighted-ensemble {Brownian} dynamics simulations for protein association reactions},
	volume = {70},
	issn = {0006-3495},
	doi = {10.1016/S0006-3495(96)79552-8},
	number = {1},
	journal = {Biophysical Journal},
	author = {Huber, G. A. and Kim, S.},
	month = jan,
	year = {1996},
	pages = {97--110},
}
@article{zuckerman2017weighted,
  title={Weighted ensemble simulation: review of methodology, applications, and software},
  author={Zuckerman, Daniel M and Chong, Lillian T},
  journal={Annual review of biophysics},
  volume={46},
  pages={43--57},
  year={2017},
  publisher={Annual Reviews}
}
@inproceedings{louvin2017,
author = {Louvin, Henri and Dumonteil, Eric and Leli\`{e}vre, Tony},
booktitle = {},
year = {2017},
month = {04},
pages = {},
title = {Three-Dimensional Neutron Streaming Calculations Using Adaptive Multilevel Splitting}
}
@article{tailleur_probing_2007,
	title = {Probing rare physical trajectories with {Lyapunov} weighted dynamics},
	volume = {3},
	copyright = {2007 Nature Publishing Group},
	issn = {1745-2481},
	doi = {10.1038/nphys515},
	language = {en},
	number = {3},
	urldate = {2018-05-31},
	journal = {Nature Physics},
	author = {Tailleur, Julien and Kurchan, Jorge},
	month = mar,
	year = {2007},
	pages = {203--207},
}
@inproceedings{villen-altamirano_restart:_1994,
	title = {{RESTART}: a straightforward method for fast simulation of rare events},
	shorttitle = {{RESTART}},
	doi = {10.1109/WSC.1994.717150},
	booktitle = {Proceedings of {Winter} {Simulation} {Conference}},
	author = {Villen-Altamirano, M. and Villen-Altamirano, J.},
	month = dec,
	year = {1994},
	pages = {282--289},
}
@article{cerou_adaptive_2007,
	title = {Adaptive {Multilevel} {Splitting} for {Rare} {Event} {Analysis}},
	volume = {25},
	issn = {0736-2994},
	doi = {10.1080/07362990601139628},
	number = {2},
	journal = {Stochastic Analysis and Applications},
	author = {C\'{e}rou, Fr\'{e}d\'{e}ric and Guyader, Arnaud},
	month = feb,
	year = {2007},
	pages = {417--443}
}
@article{KahnHarris1951,
	Author = {H. Kahn and T. E. Harris},
	Journal = {National Bureau of Standards},
	Pages = {27--30},
	Series = {Applied Mathematics Series},
	Title = {{Estimation of Particle Transmission by Random Sampling}},
	Volume = {12},
	Year = {1951}
	}
@article{glasserman_multilevel_1999,
	title = {Multilevel {Splitting} for {Estimating} {Rare} {Event} {Probabilities}},
	volume = {47},
	issn = {0030-364X},
	doi = {10.1287/opre.47.4.585},
	number = {4},
	journal = {Operations Research},
	author = {Glasserman, Paul and Heidelberger, Philip and Shahabuddin, Perwez and Zajic, Tim},
	month = aug,
	year = {1999},
	pages = {585--600}
}
@article{aristoff_adaptive_2015,
	title = {Adaptive {Multilevel} {Splitting} in {Molecular} {Dynamics} {Simulations}},
	volume = {48},
	copyright = {© EDP Sciences, SMAI 2015},
	issn = {2267-3059},
	url = {https://www.esaim-proc.org/articles/proc/abs/2015/01/proc144809/proc144809.html},
	doi = {10.1051/proc/201448009},
	language = {en},
	urldate = {2018-06-06},
	journal = {ESAIM: Proceedings and Surveys},
	author = {Aristoff, David and Leli\`{e}vre, Tony and Mayne, Christopher G. and Teo, Ivan},
	month = jan,
	year = {2015},
	pages = {215--225},
}
@article{rolland_computing_2016,
  title={Computing transition rates for the 1-D stochastic Ginzburg--Landau--Allen--Cahn equation for finite-amplitude noise with a rare event algorithm},
  author={Rolland, Joran and Bouchet, Freddy and Simonnet, Eric},
  journal={Journal of Statistical Physics},
  volume={162},
  number={2},
  pages={277--311},
  year={2016},
  publisher={Springer}
}
@article{rolland_extremely_2018,
	title = {Extremely rare collapse and build-up of turbulence in stochastic models of transitional wall flows},
	volume = {97},
	url = {https://link.aps.org/doi/10.1103/PhysRevE.97.023109},
	doi = {10.1103/PhysRevE.97.023109},
	number = {2},
	journal = {Physical Review E},
	author = {Rolland, Joran},
	month = feb,
	year = {2018},
	pages = {023109},
}
@article{touchette_large_2009,
	title = {The large deviation approach to statistical mechanics},
	volume = {478},
	issn = {03701573},
	url = {http://arxiv.org/abs/0804.0327},
	doi = {10.1016/j.physrep.2009.05.002},
	number = {1-3},
	journal = {Physics Reports},
	author = {Touchette, Hugo},
	month = jul,
	year = {2009},
	note = {arXiv: 0804.0327},
	keywords = {Condensed Matter - Statistical Mechanics},
	pages = {1--69},
	annote = {Comment: v1: 89 pages, 18 figures, pdflatex. v2: 95 pages, 20 figures, text, figures and appendices added, many references cut, close to published version},
	}
@book{moral_feynman-kac_2004,
	address = {New York},
	series = {Probability and {Its} {Applications}},
	title = {Feynman-{Kac} {Formulae}: {Genealogical} and {Interacting} {Particle} {Systems} with {Applications}},
	isbn = {978-0-387-20268-6},
	shorttitle = {Feynman-{Kac} {Formulae}},
	url = {//www.springer.com/gp/book/9780387202686},
	language = {en},
	urldate = {2018-06-11},
	publisher = {Springer-Verlag},
	author = {Moral, Pierre Del},
	year = {2004},
}
@article{giardina_direct_2006,
	title = {Direct {Evaluation} of {Large}-{Deviation} {Functions}},
	volume = {96},
	doi = {10.1103/PhysRevLett.96.120603},
	number = {12},
	journal = {Physical Review Letters},
	author = {Giardin\`{a}, Cristian and Kurchan, Jorge and Peliti, Luca},
	month = mar,
	year = {2006},
	pages = {120603},
}
@article{giardina_simulating_2011,
	title = {Simulating {Rare} {Events} in {Dynamical} {Processes}},
	volume = {145},
	issn = {0022-4715, 1572-9613},
	doi = {10.1007/s10955-011-0350-4},
	language = {en},
	number = {4},
	urldate = {2018-05-31},
	journal = {Journal of Statistical Physics},
	author = {Giardin\`{a}, Cristian and Kurchan, Jorge and Lecomte, Vivien and Tailleur, Julien},
	month = nov,
	year = {2011},
	pages = {787--811},
}
@article{Laffargue_2013,
	doi = {10.1088/1751-8113/46/25/254002},
	url = {https://doi.org/10.1088%2F1751-8113%2F46%2F25%2F254002},
	year = 2013,
	month = {jun},
	publisher = {{IOP} Publishing},
	volume = {46},
	number = {25},
	pages = {254002},
	author = {Tanguy Laffargue and Khanh-Dang Nguyen Thu Lam and Jorge Kurchan and Julien Tailleur},
	title = {Large deviations of Lyapunov exponents},
	journal = {Journal of Physics A: Mathematical and Theoretical},
}
@article{ragone_computation_2018,
	title = {Computation of extreme heat waves in climate models using a large deviation algorithm},
	volume = {115},
	copyright = {© 2017 . Published under the PNAS license.},
	issn = {0027-8424, 1091-6490},
	url = {http://www.pnas.org/content/115/1/24},
	doi = {10.1073/pnas.1712645115},
	language = {en},
	number = {1},
	urldate = {2018-05-30},
	journal = {Proceedings of the National Academy of Sciences},
	author = {Ragone, Francesco and Wouters, Jeroen and Bouchet, Freddy},
	month = jan,
	year = {2018},
	pmid = {29259112},
	keywords = {climate extremes, heat waves, large deviation theory, rare event algorithms, statistical physics},
	pages = {24--29},
}
@article{vergnault_lattice_2012,
	title = {A lattice {Boltzmann} method for nonlinear disturbances around an arbitrary base flow},
	volume = {231},
	issn = {0021-9991},
	doi = {10.1016/j.jcp.2012.07.021},
	number = {24},
	journal = {Journal of Computational Physics},
	author = {Vergnault, E. and Malaspinas, O. and Sagaut, P.},
	month = oct,
	year = {2012},
	keywords = {Aeroacoustic flows, Lattice Boltzmann method, Perturbation around an arbitrary base flow, Sponge layers},
	pages = {8070--8082},
}
@book{kruger_lattice_2017,
	series = {Graduate {Texts} in {Physics}},
	title = {The {Lattice} {Boltzmann} {Method}: {Principles} and {Practice}},
	isbn = {978-3-319-44647-9},
	shorttitle = {The {Lattice} {Boltzmann} {Method}},
	language = {en},
	number = {},
	urldate = {2018-06-10},
	publisher = {Springer International Publishing},
	author = {Kr{\"{u}}ger, Timm and Kusumaatmaja, Halim and Kuzmin, Alexandr and Shardt, Orest and Silva, Goncalo and Viggen, Erlend Magnus},
	year = {2017},
}
@article{lestang_computing_2018,
	title = {Computing return times or return periods with rare event algorithms},
	volume = {2018},
	issn = {1742-5468},
	doi = {10.1088/1742-5468/aab856},
	language = {en},
	number = {4},
	journal = {Journal of Statistical Mechanics: Theory and Experiment},
	author = {Lestang, Thibault and Ragone, Francesco and Br\'{e}hier, Charles-Edouard and Herbert, Corentin and Bouchet, Freddy},
	year = {2018},
	pages = {043213},
}
@phdthesis{lestang:tel-01974316,
  TITLE = {{Numerical simulation and rare events algorithms for the study of extreme fluctuations of the drag force acting on an obstacle immersed in a turbulent flow}},
  AUTHOR = {Lestang, Thibault},
  URL = {https://tel.archives-ouvertes.fr/tel-01974316},
  NUMBER = {2018LYSEN049},
  SCHOOL = {{Universit{\'e} de Lyon}},
  YEAR = {2018},
  MONTH = Sep,
  KEYWORDS = {Numerical simulations ; Lattice Boltzmann Method ; Extreme events ; Large Deviation Theory ; Rare events algorithms ; Turbulence ; Drag ; Adaptive Multilevel Splitting ; Simulation num{\'e}rique ; M{\'e}thode Boltzmann sur R{\'e}seau ; Ev{\'e}nements extr{\^e}mes ; Grandes D{\'e}viations ; Algorithmes d'{\'e}v{\'e}nements rares ; Train{\'e}e},
  TYPE = {Theses},
  PDF = {https://tel.archives-ouvertes.fr/tel-01974316/file/LESTANG_Thibault_2018LYSEN049_These.pdf},
  HAL_ID = {tel-01974316},
  HAL_VERSION = {v1},
}
@article{lestang2019JSTAT,
      title = {A statistical mechanics approach to the study of extreme fluctuations of the time-averaged drag acting on an obstacle immersed in a turbulent flow},
      author = {Lestang, Thibault and Bouchet, Freddy and Lévêque Emmanuel},
      year = {2019},
      journal = {},
      note = {In preparation.},
}

@article{rolland_statistical_2015,
	title = {Statistical behavior of adaptive multilevel splitting algorithms in simple models},
	volume = {283},
	issn = {00219991},
	doi = {10.1016/j.jcp.2014.12.009},
	journal = {Journal of Computational Physics},
	author = {Rolland, Joran and Simonnet, Eric},
	month = feb,
	year = {2015},
	note = {arXiv: 1412.3362},
	keywords = {Condensed Matter - Statistical Mechanics, Mathematics - Numerical Analysis, Physics - Computational Physics},
	pages = {541--558},
}
@INPROCEEDINGS{aldous1994go,
author={D. {Aldous} and U. {Vazirani}},
booktitle={Proceedings 35th Annual Symposium on Foundations of Computer Science},
title={"Go with the winners" algorithms},
year={1994},
volume={},
number={},
pages={492-501},
doi={10.1109/SFCS.1994.365742},
ISSN={},
month={Nov},}
@article{grassberger2002go,
  title={Go with the winners: A general Monte Carlo strategy},
  author={Grassberger, Peter},
  journal={Computer Physics Communications},
  volume={147},
  number={1-2},
  pages={64--70},
  year={2002},
  publisher={Elsevier}
}
@article{grassberger1998perm,
  title={PERM: a Monte Carlo strategy for simulating polymers and other things},
  author={Grassberger, Peter and others},
  journal={arXiv preprint cond-mat/9806321},
  year={1998}
}
@article{garrahan2007dynamical,
  title={Dynamical first-order phase transition in kinetically constrained models of glasses},
  author={Garrahan, Juan P and Jack, Robert L and Lecomte, Vivien and Pitard, Estelle and van Duijvendijk, Kristina and van Wijland, Fr{\'e}d{\'e}ric},
  journal={Physical review letters},
  volume={98},
  number={19},
  pages={195702},
  year={2007},
  publisher={APS}
}
@book{DelMoral2013,
  author = {Del Moral, Pierre},
  isbn = {978-1-4665-0405-9},
  Mrclass = {60-02 (60F17 60G35 60J20 60K35 65C05 65D30)},
  Mrnumber = {3060209},
  Mrreviewer = {Laurent Miclo},
  Pages = {xlvii+578},
  Publisher = {CRC Press, Boca Raton, FL},
  Series = {Monographs on Statistics and Applied Probability},
  Title = {Mean field simulation for {M}onte {C}arlo integration},
  Volume = {126},
  Year = {2013}}	
@book{DelMoralBook,
  Author = {Del Moral, Pierre},
  Publisher = {Springer-Verlag, New York},
  Title = {{Feynman-Kac Formulae: Genealogical and Interacting Particle Systems with Applications}},
  Year = {2004}}
  
  @article{brewer2018efficient,
    title={Efficient characterisation of large deviations using population dynamics},
    author={Brewer, Tobias and Clark, Stephen R and Bradford, Russell and Jack, Robert L},
    journal={Journal of Statistical Mechanics: Theory and Experiment},
    volume={2018},
    number={5},
    pages={053204},
    year={2018},
    publisher={IOP Publishing}
}
@article{nemoto2017finite,
  title = {Finite-time and finite-size scalings in the evaluation of large-deviation functions: Analytical study using a birth-death process},
  author = {Nemoto, Takahiro and Guevara Hidalgo, Esteban and Lecomte, Vivien},
  journal = {Phys. Rev. E},
  volume = {95},
  issue = {1},
  pages = {012102},
  numpages = {11},
  year = {2017},
  month = {Jan},
  publisher = {American Physical Society},
  doi = {10.1103/PhysRevE.95.012102},
  url = {https://link.aps.org/doi/10.1103/PhysRevE.95.012102}
}
@article{nemoto2016population,
  title={Population-dynamics method with a multicanonical feedback control},
  author={Nemoto, Takahiro and Bouchet, Freddy and Jack, Robert L and Lecomte, Vivien},
  journal={Physical Review E},
  volume={93},
  number={6},
  pages={062123},
  year={2016},
  publisher={APS}
}
@article{PhysRevLett.118.115702,
  title = {Finite-Size Scaling of a First-Order Dynamical Phase Transition: Adaptive Population Dynamics and an Effective Model},
  author = {Nemoto, Takahiro and Jack, Robert L. and Lecomte, Vivien},
  journal = {Phys. Rev. Lett.},
  volume = {118},
  issue = {11},
  pages = {115702},
  numpages = {6},
  year = {2017},
  month = {Mar},
  publisher = {American Physical Society},
  doi = {10.1103/PhysRevLett.118.115702},
  url = {https://link.aps.org/doi/10.1103/PhysRevLett.118.115702}
}

@article{Guevara_Hidalgo_2018,
	doi = {10.1088/1742-5468/aad6b2},
	year = 2018,
	month = {aug},
	publisher = {{IOP} Publishing},
	volume = {2018},
	number = {8},
	pages = {083211},
	author = {Esteban Guevara Hidalgo},
	title = {Breakdown of the finite-time and -population scalings of the large deviation function in the large-size limit of a contact process},
	journal = {Journal of Statistical Mechanics: Theory and Experiment},
}
@article{lecomte_numerical_2007,
	title = {A numerical approach to large deviations in continuous time},
	volume = {2007},
	issn = {1742-5468},
	doi = {10.1088/1742-5468/2007/03/P03004},
	language = {en},
	number = {03},
	journal = {Journal of Statistical Mechanics: Theory and Experiment},
	author = {Lecomte, Vivien and Tailleur, Julien},
	year = {2007},
	pages = {P03004},
}
@article{De_Rosis_2016,
	doi = {10.1209/0295-5075/116/44003},
	year = 2016,
	month = {nov},
	publisher = {{IOP} Publishing},
	volume = 116,
	number = 4,
	pages = 44003,
	author = {Alessandro De Rosis},
	title = {Non-orthogonal central moments relaxing to a discrete equilibrium: A D2Q9 lattice Boltzmann model},
	journal = {{EPL} (Europhysics Letters)},
}
@article{latt2008straight,
  title = {Straight velocity boundaries in the lattice Boltzmann method},
  author = {Latt, Jonas and Chopard, Bastien and Malaspinas, Orestis and Deville, Michel and Michler, Andreas},
  journal = {Phys. Rev. E},
  volume = {77},
  issue = {5},
  pages = {056703},
  numpages = {16},
  year = {2008},
  month = {May},
  publisher = {American Physical Society},
  doi = {10.1103/PhysRevE.77.056703},
  url = {https://link.aps.org/doi/10.1103/PhysRevE.77.056703}
}

@Book{lesieur_book,
	author = {M. Lesieur},
	title = {Turbulence in Fluids : Stochastic and Numerical Modelling},
	publisher = {Springer},
	year = {2011},
}

@article{donzis_sreenivasan_2010, title={Short-term forecasts and scaling of intense events in turbulence}, volume={647}, DOI={10.1017/S0022112009993600}, journal={Journal of Fluid Mechanics}, author={Donzis, D. A. and Sreenivasan, K. R.}, year={2010}, pages={13-26}}

@article {Yeung,
	author = {Yeung, P. K. and Zhai, X. M. and Sreenivasan, Katepalli R.},
	title = {Extreme events in computational turbulence},
	volume = {112},
	number = {41},
	pages = {12633--12638},
	year = {2015},
	doi = {10.1073/pnas.1517368112},
	publisher = {National Academy of Sciences},
	abstract = {In the last decade or so, massive computations of turbulence performed by solving the exact equations of hydrodynamic turbulence have provided new quantitative data and enhanced our understanding. This paper presents results from the largest such computations, to date, devoted to the study of small scales. We focus on {\textquotedblleft}extreme events{\textquotedblright} in energy dissipation and squared vorticity (enstrophy). For the Reynolds numbers of these simulations, events as large as 105 times the mean value are observed, albeit rarely. The structure of these extreme events is quite different from that believed previously. The major theme of this and related work is that huge fluctuations exist in hydrodynamic turbulence and that they have basic consequences to turbulence (as is the case in other nonlinear fields).We have performed direct numerical simulations of homogeneous and isotropic turbulence in a periodic box with 8,1923 grid points. These are the largest simulations performed, to date, aimed at improving our understanding of turbulence small-scale structure. We present some basic statistical results and focus on {\textquotedblleft}extreme{\textquotedblright} events (whose magnitudes are several tens of thousands the mean value). The structure of these extreme events is quite different from that of moderately large events (of the order of 10 times the mean value). In particular, intense vorticity occurs primarily in the form of tubes for moderately large events whereas it is much more {\textquotedblleft}chunky{\textquotedblright} for extreme events (though probably overlaid on the traditional vortex tubes). We track the temporal evolution of extreme events and find that they are generally short-lived. Extreme magnitudes of energy dissipation rate and enstrophy occur simultaneously in space and remain nearly colocated during their evolution.},
	issn = {0027-8424},
	URL = {https://www.pnas.org/content/112/41/12633},
	eprint = {https://www.pnas.org/content/112/41/12633.full.pdf},
	journal = {Proceedings of the National Academy of Sciences}
}

@article{KRAICHNAN,
	title = "Is there a statistical mechanics of turbulence?",
	journal = "Physica D: Nonlinear Phenomena",
	volume = "37",
	number = "1",
	pages = "160 - 172",
	year = "1989",
	issn = "0167-2789",
	doi = "https://doi.org/10.1016/0167-2789(89)90126-7",
	url = "http://www.sciencedirect.com/science/article/pii/0167278989901267",
	author = "Robert H. Kraichnan and Shiyi Chen",
	abstract = "The statistical-mechanical treatment of turbulence is made questionable by strong nonlinearity and strong disequilibrium that result in the creation of ordered structures imbedded in disorder. Model systems are described which may provide some hope that a compact, yet faithful, statistical description of turbulence nevertheless is possible. Some essential dynamical features of the models are captured by low-order statistical approximations despite strongly non-Gaussian behavior."
	}

@Book{lbm_book,
author = {Michael C. Sukop  AND Daniel T. Thorne Jr},
title = {Lattice Boltzmann Modeling: An Introduction for Geoscientists And Engineers},
publisher = {Springer-Verlag},
year = {2006},
}
@article{cerou2019adaptive,
  title={Adaptive multilevel splitting: Historical perspective and recent results},
  author={C{\'e}rou, Fr{\'e}d{\'e}ric and Guyader, Arnaud and Rousset, Mathias},
  journal={Chaos: An Interdisciplinary Journal of Nonlinear Science},
  volume={29},
  number={4},
  pages={043108},
  year={2019},
  publisher={AIP Publishing}
}
@article{intro_DMC_kosztin,
author = {Kosztin,Ioan  and Faber,Byron  and Schulten,Klaus },
title = {Introduction to the diffusion Monte Carlo method},
journal = {American Journal of Physics},
volume = {64},
number = {5},
pages = {633-644},
year = {1996},
doi = {10.1119/1.18168},
}

@article{laurie2015computation,
  title={Computation of rare transitions in the barotropic quasi-geostrophic equations},
  author={Laurie, Jason and Bouchet, Freddy},
  journal={New Journal of Physics},
  volume={17},
  number={1},
  pages={015009},
  year={2015},
  publisher={IOP Publishing}
}

@article{bouchet2014langevin,
  title={Langevin dynamics, large deviations and instantons for the quasi-geostrophic model and two-dimensional Euler equations},
  author={Bouchet, Freddy and Laurie, Jason and Zaboronski, Oleg},
  journal={Journal of Statistical Physics},
  volume={156},
  number={6},
  pages={1066--1092},
  year={2014},
  publisher={Springer}
}
@article{bouchet2019rare,
  title={Rare event algorithm links transitions in turbulent flows with activated nucleations},
  author={Bouchet, Freddy and Rolland, Joran and Simonnet, Eric},
  journal={Physical review letters},
  volume={122},
  number={7},
  pages={074502},
  year={2019},
  publisher={APS}
}
@article{dematteis2018rogue,
  title={Rogue waves and large deviations in deep sea},
  author={Dematteis, Giovanni and Grafke, Tobias and Vanden-Eijnden, Eric},
  journal={Proceedings of the National Academy of Sciences},
  volume={115},
  number={5},
  pages={855--860},
  year={2018},
  publisher={National Acad Sciences}
}

@article{dematteis2019experimental,
  title={Experimental Evidence of Hydrodynamic Instantons: The Universal Route to Rogue Waves},
  author={Dematteis, Giovanni and Grafke, Tobias and Onorato, Miguel and Vanden-Eijnden, Eric},
  journal={arXiv preprint arXiv:1907.01320},
  year={2019}
}
@article{wouters2016rare,
  title={Rare event computation in deterministic chaotic systems using genealogical particle analysis},
  author={Wouters, Jeroen and Bouchet, Freddy},
  journal={Journal of Physics A: Mathematical and Theoretical},
  volume={49},
  number={37},
  pages={374002},
  year={2016},
  publisher={IOP Publishing}
}
@article{brehier:hal-01142704,
  TITLE = {{Unbiasedness of some generalized adaptive multilevel splitting algorithms}},
  AUTHOR = {Br{\'e}hier, Charles-Edouard and Gazeau, Maxime and Gouden{\`e}ge, Ludovic and Leli{\`e}vre, Tony and Rousset, Mathias},
  URL = {https://hal.archives-ouvertes.fr/hal-01142704},
  JOURNAL = {{Annals of Applied Probability}},
  PUBLISHER = {{Institute of Mathematical Statistics (IMS)}},
  VOLUME = {26},
  NUMBER = {6},
  PAGES = {3559 - 3601},
  YEAR = {2016},
  DOI = {10.1214/16-AAP1185},
  KEYWORDS = {unbiased estimator ; Adaptive Multilevel Splitting ; Rare event},
  PDF = {https://hal.archives-ouvertes.fr/hal-01142704/file/BGGLR.pdf},
  HAL_ID = {hal-01142704},
  HAL_VERSION = {v1},
}
@article{Cerou2007,
	Author = {C{\'e}rou, Florent and Guyader, Arnaud},
	Date-Modified = {2017-06-29 08:08:38 +0000},
	Doi = {10.1080/07362990601139628},
	Journal = {Stoch. Anal. Appl.},
	Pages = {417--443},
	Title = {{Adaptive multilevel splitting for rare event analysis}},
	Volume = {25},
	Year = {2007},
	Bdsk-Url-1 = {http://dx.doi.org/10.1080/07362990601139628}}

@article{Cerou2011,
	Author = {C{\'e}rou, Fr{\'e}d{\'e}ric and Guyader, Arnaud and Leli{\`e}vre, Tony and Pommier, David},
	Date-Modified = {2017-06-29 08:09:50 +0000},
	Doi = {10.1063/1.3518708},
	Journal = {J. Chem. Phys.},
	Number = {5},
	Pages = {054108},
	Title = {{A multiple replica approach to simulate reactive trajectories}},
	Volume = {134},
	Year = {2011},
	Bdsk-Url-1 = {http://dx.doi.org/10.1063/1.3518708}}
	
@unpublished{Cerou2016,
	Author = {Cerou, Frederic and Delyon, Bernard and Guyader, Arnaud and Rousset, Mathias},
	Date-Modified = {2017-11-21 21:32:00 +0000},
	Note = {arXiv:1611.00515},
	Title = {{A Central Limit Theorem for Fleming-Viot Particle Systems with Soft Killing}},
	Url = {https://arxiv.org/abs/1611.00515},
	Year = {2016},
	Bdsk-Url-1 = {https://arxiv.org/abs/1611.00515}}

@article{kanev2010,
author = {Kanev, Stoyan and van Engelen, Tim},
title = {Wind turbine extreme gust control},
journal = {Wind Energy},
volume = {13},
number = {1},
pages = {18-35},
keywords = {wind speed estimation, wind direction estimation, blade-effective wind speeds, extreme event recognition, extreme event control, load reduction},
doi = {10.1002/we.338},
url = {https://onlinelibrary.wiley.com/doi/abs/10.1002/we.338},
eprint = {https://onlinelibrary.wiley.com/doi/pdf/10.1002/we.338},
year = {2010}
}
@Article{rodi1998,
author = {W. Rodi},
title = {Large-eddy simulations of the flow past bluff bodies: State-of-the art},
journal = {JSME},
year = {1998},
volume = {41},
pages = {361},
}

@Article{BGK,
	author = {P. L. Bhatnagar and  E. P. Gross  and  M. Krook},
	title = { A Model for Collision Processes in Gases. I. Small Amplitude Processes in Charged and Neutral One-Component Systems},
	journal = { Physical Review},
	year = {1954},
	volume = {94},
	number = { 3},
	pages = {511},
}

@Book{succi_book,
author = {S. Succi},
title = {The Lattice Boltzmann Equation: For Complex States of Flowing Matter},
publisher = {Oxford University Press},
year = {2018},
}

@book{frisch_book, place={Cambridge}, title={Turbulence: The Legacy of A. N. Kolmogorov}, DOI={10.1017/CBO9781139170666}, publisher={Cambridge University Press}, author={Frisch, Uriel}, year={1995}}

@article {Mohamad-ws,
author = {Mohamad, Mustafa A. and Sapsis, Themistoklis P.},
title = {Sequential sampling strategy for extreme event statistics in nonlinear dynamical systems},
volume = {115},
number = {44},
pages = {11138--11143},
year = {2018},
doi = {10.1073/pnas.1813263115},
publisher = {National Academy of Sciences},
issn = {0027-8424},
URL = {https://www.pnas.org/content/115/44/11138},
eprint = {https://www.pnas.org/content/115/44/11138.full.pdf},
journal = {Proceedings of the National Academy of Sciences}
}

@article{Blonigan-ws,
  title = {Are extreme dissipation events predictable in turbulent fluid flows?},
  author = {Blonigan, Patrick J. and Farazmand, Mohammad and Sapsis, Themistoklis P.},
  journal = {Phys. Rev. Fluids},
  volume = {4},
  issue = {4},
  pages = {044606},
  numpages = {21},
  year = {2019},
  month = {Apr},
  publisher = {American Physical Society},
  doi = {10.1103/PhysRevFluids.4.044606},
  url = {https://link.aps.org/doi/10.1103/PhysRevFluids.4.044606}
}

@article{belenky-ws,
author = {Belenky, Vadim and Weems, Kenneth and Lin, Woei-Min},
year = {2016},
month = {05},
pages = {},
title = {Split-time method for estimation of probability of capsizing caused by pure loss of stability},
volume = {122},
journal = {Ocean Engineering},
doi = {10.1016/j.oceaneng.2016.04.011}
}